<?xml version="1.0" encoding="UTF-8"?><record xmlns="http://www.loc.gov/MARC21/slim" xmlns:cinclude="http://apache.org/cocoon/include/1.0" xmlns:zs="http://www.loc.gov/zing/srw/">
  <leader>00430cz  a2200133n  4500</leader>
  <controlfield tag="001">n  88158068 </controlfield>
  <controlfield tag="003">DLC</controlfield>
  <controlfield tag="005">20141210072144.0</controlfield>
  <controlfield tag="008">890926n| azannaab           |a ana      </controlfield>
  <datafield tag="010" ind1=" " ind2=" ">
    <subfield code="a">n  88158068 </subfield>
  </datafield>
  <datafield tag="040" ind1=" " ind2=" ">
    <subfield code="a">DLC</subfield>
    <subfield code="b">eng</subfield>
    <subfield code="e">rda</subfield>
    <subfield code="c">DLC</subfield>
    <subfield code="d">DLC</subfield>
  </datafield>
  <datafield tag="110" ind1="2" ind2=" ">
    <subfield code="a">HADAG (Firm)</subfield>
  </datafield>
  <datafield tag="410" ind1="2" ind2="0">
    <subfield code="a">Hafen-Dampfschiffahrt Actien-Gesellschaft</subfield>
  </datafield>
  <datafield tag="670" ind1=" " ind2=" ">
    <subfield code="a">Kludas, A. Hundert Jahre HADAG, 1988:</subfield>
    <subfield code="b">t.p. (HADAG-Schiffe) p. 9 (Hafen-Dampfschiffahrt Actien-Gesellschaft)</subfield>
  </datafield>
</record>